<?xml version="1.0" encoding="UTF-8"?><collection xmlns="http://www.loc.gov/MARC21/slim"><record><leader>00452nam--2200145-i-4500</leader><controlfield tag="001">000003510</controlfield><controlfield tag="002">20161230</controlfield><controlfield tag="005">20161230201025</controlfield><controlfield tag="008">060222s1000------------r-----000-0-eng-d</controlfield><datafield ind1=" " ind2=" " tag="080"><subfield code="a">621.385.832:621.317.755:621.397</subfield></datafield><datafield ind1=" " ind2=" " tag="245"><subfield code="a">Cathode ray tube displays</subfield></datafield><datafield ind1=" " ind2=" " tag="260"><subfield code="a">New York, Mcgraw-hill Book Co.Inc.,1948. Xvii + 745 P</subfield></datafield><datafield ind1=" " ind2=" " tag="490"><subfield code="a">Mit, Radiation Laboratory Series</subfield></datafield><datafield ind1=" " ind2=" " tag="700"><subfield code="a">Soller, Theodore  Starr,Merle A. And Valley, George E.Jr</subfield></datafield><datafield ind1=" " ind2=" " tag="852"><subfield code="a">3043</subfield></datafield></record></collection>